@article{
	vanEaten10,
	author= {M. Van Eaten, A. Nieuwenhuijs, E. Luiijf, M. Klaver, E. Cruz},
	title = {The state and the threat of cascading failure across critical infrastructures: the implications of empirical evidence from media incident reports},
	year = {2011},
	journal = {Public Administration},
	volume = {89},
	number  = {2}
	},
@article{
	carreras2001,
	author= {B. Carreras, V. Lynch, M. Sachtejn, I. Dobson, D. Newman},
	title = {Modeling blackout dynamics in power transmission networks with simple structure},
	year = {2001},
	journal = {IEEE Computer Society},
	volume = {(HICSS-342) Vol.2}
	},
@article{
	Hiskens1997,
	author= {I. A. Hiskens, M. Akke},
	title = {Analysis of the nordel power grid disturbance of january 1, 1997 using trajectory
	sensitivities},
	year = {1997},
	journal = {IEEE Transactions on Power Systems},
	volume = { Vol.14},
	number = {no. 3}
},
@article{
	Watts1998,
	author= {D. J. Watts, S. H. Strogartz},
	title = {Collective dynamics of small-world networks},
	year = {1998},
	journal = {Nature},
	volume = { Vol.393},
	number = {no. 6684}
},
@article{
	Barabasi1997,
	author= {A. L. Barabasi, R. Albert},
	title = {Emergence of scalling in random networks},
	year = {1997},
	journal = {Science},
	volume = { Vol.286},
}
@article{
	Koc2014,
	author= {Y. Koc, M. Warnier, R. Kooij, F. Brazier},
	title = {Structural Vulnerability Assessment of Electric Power Grids},
	year = {2014},
	publisher = {IEEE},
	journal = {Proceedings of the 11th IEEE International Conference on Networking, Sensing and Control}
},
@article{
	Asztalos2014,
	author= {A. Assztalos, S. Sreenivasan, B. K. Szymanski, G. Korniss},
	title = {Cascading Failures in Spatially-Embedded Random Networks},
	year = {2014},
	journal = {PLoS ONE},
	volume = {9},
	number = {1}
},
@article{
	VanHertem2006,
	author= {D.Van Hertem, J. Verboomen, K. Purchala},
	title = {Usefulness of DC power flow for active power flow analysis with flow controlling devices},
	year = {2006},
	journal = {Proc. of the 8th IEEE Int. Conf. on AC and DC Power Transmission}
	}
@book{
	Graigner1994,
	author={J. Graigner, W. Stevenson},
	title={Power System Analysis},
	publisher={McGraw-Hill},
	year={1994},
	address={New York}
	}